@book{texbook,
  author = {James E. Humphreys},
  year = {1972},
  title = {Introduction to Lie Algebras and Representation Theory},
  publisher = {Springer-Verlag}
}

@book{texbook2,
  author = {Karin Erdmann and Mark J. Wildon},
  year = {2006},
  title = {Introduction to Lie Algebras},
  publisher = {Springer}
}

@misc{görbe_2015, title={Coxeter Projection of Exceptional Root Systems}, url={https://tamasgorbe.wordpress.com/}, journal={Tamás Görbe}, author={Görbe, Tamás}, year={2015}, month={Oct}} 

@misc{wiki:Coxeter_element,
   author = "Wikipedia",
   title = "{Coxeter element} --- {W}ikipedia{,} The Free Encyclopedia",
   year = "2022",
   howpublished = {\url{http://en.wikipedia.org/w/index.php?title=Coxeter\%20element&oldid=1051905121}},
   note = "[Online; accessed 17-June-2022]"
 }
 
@misc{wiki:Simple_Lie_group,
   author = "Wikipedia",
   title = "{Simple Lie group} --- {W}ikipedia{,} The Free Encyclopedia",
   year = "2022",
   howpublished = {\url{http://en.wikipedia.org/w/index.php?title=Simple\%20Lie\%20group&oldid=1062177700}},
   note = "[Online; accessed 17-June-2022]"
 }
 
 @online{pict,
 author  = "Tom Ruen",
 year    = "2010-2012",
 urlseen = "2022",
 url     = "https://en.wikipedia.org/wiki/User:Tomruen",
 note = "\url{https://en.wikipedia.org/wiki/File:F4_roots_F4plane.svg} and \url{https://en.wikipedia.org/wiki/File:Up_1_22_t0_E6.svg} and \url{https://en.wikipedia.org/wiki/File:Up2_2_31_t0_E7.svg} and \url{https://en.wikipedia.org/wiki/File:4_21_t0_E8.svg}",
}
